
@article{paulewicz2020bhsdtr,
  title={The bhsdtr package: a general-purpose method of Bayesian inference for Signal Detection Theory models},
  author={Paulewicz, Borys{\l}aw and Blaut, Agata},
  journal={Behavior Research Methods},
  pages={1--20},
  year={2020},
  publisher={Springer}
}

@article{EtzEtAl2018,
  title={How to become a {B}ayesian in eight easy steps: An annotated reading list.},
  author={Etz, Alexander and Gronau, Quentin F and Dablander, Fabian and Edelsbrunner, Peter A and Baribault, Beth},
  journal={Psychonomic Bulletin \& Review},
  volume={25},
  pages={219--234},
  year={2018},
  publisher={Springer}
}

@article{selker2019parsimonious,
  title={Parsimonious estimation of signal detection models from confidence ratings},
  author={Selker, Ravi and van den Bergh, Don and Criss, Amy H and Wagenmakers, Eric-Jan},
  journal={Behavior research methods},
  volume={51},
  number={5},
  pages={1953--1967},
  year={2019},
  publisher={Springer}
}

@article{SnodgrassAndCorwin1988,
  title={Pragmatics of measuring recognition memory: applications to dementia and amnesia.},
  author={Snodgrass, Joan G and Corwin, June},
  journal={Journal of Experimental Psychology: General},
  volume={117},
  number={1},
  pages={34--50},
  year={1988},
  publisher={American Psychological Association}
}

@article{LeeEtAl2019,
  title={Robust modeling in cognitive science},
  author={Lee, Michael D and Criss, Amy H and Devezer, Berna and Donkin, Christopher and Etz, Alexander and Leite, Fabio P and Matzke, Dora and Rouder, Jeffrey N and Trueblood, Jennifer S and White, Corey N and Vandekerckhove, Joachim},
  journal={Computational Brain \& Behavior},
  volume={2},
  number={3},
  pages={141--153},
  year={2019},
  publisher={Springer}
}

@article{MacEachernAndVanZandt2019,
  title={Robust modeling in cognitive science},
  author={MacEachern, Steven N and Van Zandt, Trisha},
  journal={Computational Brain \& Behavior},
  volume={2},
  number={3},
  pages={179--182},
  year={2019},
  publisher={Springer}
}

@article{DubeAndRotello2012,
  title={Binary ROCs in perception and recognition memory are curved.},
  author={Dube, Chad and Rotello, Caren M},
  journal={Journal of Experimental Psychology: Learning, Memory, and Cognition},
  volume={38},
  number={1},
  pages={130--151},
  year={2012},
  publisher={American Psychological Association}
}

@article{KlauerAndKellen2011,
  title={The flexibility of models of recognition memory: An analysis by the minimum-description length principle.},
  author={Klauer, Karl Cristoph and Kellen, David},
  journal={Journal of Mathematical Psychology},
  volume={55},
  number={6},
  pages={430--450},
  year={2011},
  publisher={Elsevier}
}

@article{PazzagliaEtAl2013,
  title={A critical comparison of discrete-state and continuous models of recognition memory: Implications for recognition and beyond.},
  author={Pazzaglia, Angela M and Dube, Chad and Rotello, Caren M},
  journal={Psychological Bulletin},
  volume={139},
  number={6},
  pages={1173--1203},
  year={2013},
  publisher={American Psychological Association}
}

@article{ProvinceAndRouder2012,
  title={Evidence for discrete-state processing in recognition memory.},
  author={Province, Jordan M and Rouder, Jeffrey N},
  journal={Proceedings of the National Academy of Sciences of the United States of America},
  volume={109},
  number={36},
  pages={14357--14362},
  year={2012},
  publisher={National Academy of Sciences}
}

@article{HeckEtAl2018,
  title={TreeBUGS: An {R} package for hierarchical multinomial-processing-tree modeling.},
  author={Heck, Daniel W and Arnold, Nina R and Arnold Denis},
  journal={Behavior Research Methods},
  volume={50},
  number={1},
  pages={264--284},
  year={2018},
  publisher={Springer}
}

@article{SchoolerAndShiffrin2005,
  title={Efficiently measuring recognition performance with sparse data},
	author={Schooler, Lael J and Shiffrin, Richard M},
	journal={Behavior Research Methods},
	volume={37},
	number={1},
	pages={3--10},
	year={2005},
	publisher={Springer}
}

@article{BatchelderAndRiefer1999,
  title={Theoretical and empirical review of multinomial process tree modeling.},
	author={Batchelder, William H and Riefer, David M},
	journal={Psychonomic Bulletin \& Review},
	volume={6},
	number={},
	pages={57--86},
	year={1999},
	publisher={Springer}
}

@article{BroderEtAl2013,
  title={Validating a two-high-threshold measurement model for confidence rating data in recognition.},
	author={Br{\"o}der, Arndt and Kellen, David and Sch{\"u}tz, Julia and Rohrmeier, Constanze},
	journal={Memory},
	volume={21},
	number={8},
	pages={916--944},
	year={2013},
	publisher={Taylor \& Francis}
}

@article{Klauer2006,
  title={Hierarchical multinomial processing tree models: A latent-class approach.},
	author={Klauer, Karl Christoph},
	journal={Psychometrika},
	volume={71},
	number={1},
	pages={7--31},
	year={2006},
	publisher={Springer}
}

@article{Klauer2010,
  title={Hierarchical multinomial processing tree models: A latent-trait approach.},
	author={Klauer, Karl Christoph},
	journal={Psychometrika},
	volume={75},
	number={1},
	pages={70--98},
	year={2010},
	publisher={Springer}
}

@article{SmithAndBatchelder2008,
  title={Assessing individual differences in categorical data.},
	author={Smith, Jared B and Batchelder, William H},
	journal={Psychonomic Bulletin \& Review},
	volume={15},
	number={4},
	pages={713--731},
	year={2008},
	publisher={Springer}
}

@article{SmithAndBatchelder2010,
  title={{Beta-MPT}: Multinomial processing tree models for addressing individual differences.},
	author={Smith, Jared B and Batchelder, William H},
	journal={Journal of Mathematical Psychology},
	volume={54},
	number={1},
	pages={167--187},
	year={2010},
	publisher={Elsevier}
}

@article{MatzkeEtAl2015,
  title={Bayesian estimation of multinomial processing tree models with heterogeneity in participants and items.},
	author={Matzke, Dora and Dolan, Conor V and Batchelder, William H and Wagenmakers, Eric-Jan},
	journal={Psychometrika},
	volume={80},
	number={1},
	pages={205--235},
	year={2015},
	publisher={Springer}
}

@article{RotelloEtAl2008,
  title={Type {I} error rates and power analyses for single-point sensitivity measures},
	author={Rotello, Caren M and Masson, Michael EJ and Verde, Michael F},
	journal={Perception \& Psychophysics},
	volume={70},
	number={2},
	pages={389--401},
	year={2008},
	publisher={Springer}
}

@article{RotelloEtAl2015,
  title={When more data steer us wrong: Replications with the wrong dependent measure perpetuate erroneous conclusions},
  author={Rotello, Caren M and Heit, Evan and Dub{\'e}, Chad},
  journal={Psychonomic Bulletin \& Review},
  volume={22},
  pages={944--954},
  year={2015},
  publisher={Springer}
}

@article{Green1964,
  title={General Prediction Relating Yes-No and Forced-Choice Results [abstract]},
	author={Green, David M},
	journal={The Journal of the Acoustical Society of America},
	volume={36},
	number={5},
	pages={1042--1042},
	year={1964},
	publisher={Acoustical Society of America}
}

@article{PollackAndNorman1964,
	title={A non-parametric analysis of recognition experiments},
	author={Pollack, Irwin and Norman, Donald A},
	journal={Psychonomic Science},
	volume={1},
	number={1-12},
	pages={125--126},
	year={1964},
	publisher={Springer}
}

@article{Hodos1970,
	title={Nonparametric index of response bias for use in detection and recognition experiments.},
	author={Hodos, William},
	journal={Psychological Bulletin},
	volume={74},
	number={5},
	pages={351--354},
	year={1970},
	publisher={American Psychological Association}
}

@article{Grier1971,
	title={Nonparametric indexes for sensitivity and bias: computing formulas.},
	author={Grier, J Brown},
	journal={Psychological Bulletin},
	volume={75},
	number={6},
	pages={424--429},
	year={1971},
	publisher={American Psychological Association}
}

@article{AaronsonAndWatts1987,
	title={{Extensions of Grier's computational formulas for A' and B'' to below-chance performance.}},
	author={Aaronson, Doris and Watts, Brian},
	journal={Psychological Bulletin},
	volume={102},
	number={3},
	pages={439--442},
	year={1987},
	publisher={American Psychological Association}
}

@article{MacmillanAndCreelman1990,
	title={Response bias: Characteristics of detection theory, threshold theory, and ``nonparametric'' indexes.},
	author={Macmillan, Neil A and Creelman, C Douglas},
	journal={Psychological Bulletin},
	volume={107},
	number={3},
	pages={401--413},
	year={1990},
	publisher={American Psychological Association}
}

@article{MacmillanAndCreelman1996,
	title={Triangles in {ROC} space: History and theory of ``nonparametric'' measures of sensitivity and response bias},
	author={Macmillan, Neil A and Creelman, C Douglas},
	journal={Psychonomic Bulletin \& Review},
	volume={3},
	number={2},
	pages={164--170},
	year={1996},
	publisher={Springer}
}

@article{PastoreEtAl2003,
	title={``{N}onparametric'' ${A}'$ and other modern misconceptions about signal detection theory},
	author={Pastore, Richard E and Crawley, Edward J and Berens, Melody S and Skelly, Michael A},
	journal={Psychonomic Bulletin \& Review},
	volume={10},
	number={3},
	pages={556--569},
	year={2003},
	publisher={Springer}
}

@article{Smith1995,
  title={Clarification of sensitivity measure {A'}},
  author={Smith, Warren D},
  journal={Journal of Mathematical Psychology},
  volume={39},
  number={1},
  pages={82--89},
  year={1995},
  publisher={Elsevier}
}

@article{ZhangAndMueller2005,
  title={A note on {ROC} analysis and non-parametric estimate of sensitivity},
  author={Zhang, Jun and Mueller, Shane T},
  journal={Psychometrika},
  volume={70},
  number={1},
  pages={203--212},
  year={2005},
  publisher={Springer}
}

@book{MacmillanAndCreelman2005,
	title={Detection Theory: A user's guide},
	author={Macmillan, N. A. and Creelman, C. D.},
	year={2005},
	edition = {2},
	publisher={Lawrence Erlbaum Associates},
	address={Mahwah, New Jersey}
}

@article{Swets1986b,
  title={Form of empirical {ROCs} in discrimination and diagnostic tasks: implications for theory and measurement of performance.},
	author={Swets, John A},
	journal={Psychological Bulletin},
	volume={99},
	number={2},
	pages={181--198},
	year={1986},
	publisher={American Psychological Association}
}

@article{Swets1986a,
	title={Indices of discrimination or diagnostic accuracy: their {ROCs} and implied models.},
	author={Swets, John A},
	journal={Psychological Bulletin},
	volume={99},
	number={1},
	pages={100--117},
	year={1986},
	publisher={American Psychological Association}
}

@article{RatcliffEtAl1992,
  title={{Testing global memory models using ROC curves.}},
  author={Ratcliff, Roger and Sheu, Ching-Fan and Gronlund, Scott D},
  journal={Psychological Review},
  volume={99},
  number={3},
  pages={518--535},
  year={1992},
  publisher={American Psychological Association}
}

@article{TannerAndSwets1954,
  title={A decision-making theory of visual detection.},
  author={Tanner Jr, Wilson P and Swets, John A},
  journal={Psychological Review},
  volume={61},
  number={6},
  pages={401--409},
  year={1954},
  publisher={American Psychological Association}
}

@book{GreenAndSwets1966,
 author = {Green, D. M. and Swets, J. A.},
 title = {Signal detection theory and psychophysics},
 publisher = {Wiley},
 address = {New York},
 year = 1966
}

@book{FarrellAndLewandowsky2018,
 author = {Farrell, S. and Lewandowsky, S.},
 title = {Computational modeling of cognition and behavior},
 publisher = {Cambridge University Press},
 address = {Cambridge, UK},
 year = 2018
}

@article{Loftus1978,
  title={On interpretation of interactions},
  author={Loftus, Geoffrey R},
  journal={Memory \& Cognition},
  volume={6},
  number={3},
  pages={312--319},
  year={1978},
  publisher={Springer}
}


@article{WagenmakersEtAl2012,
  title={On the interpretation of removable interactions: A survey of the field 33 years after {Loftus}},
  author={Wagenmakers, Eric-Jan and Krypotos, Angelos-Miltiadis and Criss, Amy H and Iverson, Geoff},
  journal={Memory \& Cognition},
  volume={40},
  number={2},
  pages={145--160},
  year={2012},
  publisher={Springer}
}

@article{Benjamin2010,
  title={Representational explanations of ``process'' dissociations in recognition: The {DRYAD} theory of aging and memory judgments.},
  author={Benjamin, Aaron S},
  journal={Psychological Review},
  volume={117},
  number={4},
  pages={1055--1079},
  year={2010},
  publisher={American Psychological Association}
}

@article{DunnAndKirsner1988,
  title={Discovering functionally independent mental processes: the principle of reversed association.},
  author={Dunn, John C and Kirsner, Kim},
  journal={Psychological review},
  volume={95},
  number={1},
  pages={91--101},
  year={1988},
  publisher={American Psychological Association}
}

@article{ErdfelderAndBuchner1998,
  title={Process-dissociation measurement models: Threshold theory or detection theory?},
  author={Erdfelder, Edgar and Buchner, Axel},
  year={1998},
  journal={Journal of Experimental Psychology: General},
  volume={127},
  number={1},
  pages={83--96},
  publisher={American Psychological Association}
}

@article{Malmberg2002,
  title={On the form of {ROCs} constructed from confidence ratings.},
  author={Malmberg, Kenneth J},
  journal={Journal of Experimental Psychology: Learning, Memory, and Cognition},
  volume={28},
  number={2},
  pages={380--387},
  year={2002},
  publisher={American Psychological Association}
}

@article{Jaeger2008,
  title={Categorical data analysis: Away from {ANOVAs} (transformation or not) and towards logit mixed models},
	author={Jaeger, T Florian},
	journal={Journal of Memory and Language},
	volume={59},
	number={4},
	pages={434--446},
	year={2008},
	publisher={Elsevier}
}

@article{Dixon2008,
  title={Models of accuracy in repeated-measures designs},
	author={Dixon, Peter},
	journal={Journal of Memory and Language},
	volume={59},
	number={4},
	pages={447--456},
	year={2008},
	publisher={Elsevier}
}

@Manual{lme4,
  title = {{lme4: Linear mixed-effects models using Eigen and S4}},
    author = {Bates, D and Maechler, M and Bolker, B and Walker, S},
  	year = {2014},
  	note = {R package version 1.1-7},
  	url = {http://CRAN.R-project.org/package=lme4},
}

@Manual{RCoreTeam,
  title = {{R: A Language and Environment for Statistical Computing}},
	author = {{R Core Team}},
	organization = {R Foundation for Statistical Computing},
	address = {Vienna, Austria},
	year = {2015},
	url = {http://www.R-project.org/},
}

@article{ChalfonteAndJohnson1996,
 author = {Chalfonte, B. L. and Johnson, M. K.},
 title = {Feature memory and binding in young and older adults},
 journal = {Memory and Cognition},
 volume = {24},
 number = {4},
 pages = {403--416},
 year = {1996}
}

@article{Luce1963,
  title={A threshold theory for simple detection experiments.},
  author={Luce, R Duncan},
  journal={Psychological Review},
  volume={70},
  number={1},
  pages={61--79},
  year={1963},
  publisher={American Psychological Association}
}

@article{CowanEtAl2006,
 author = {Cowan, N. and Naveh-Benjamin, M. and Kilb, A. and Saults, J. S.},
 title = {Life-span development of visual working-memory: {When} is feature binding difficult?},
 journal = {Developmental Psychology},
 volume = {42},
 number = {6},
 pages = {1089--1102},
 year = {2006}
}

@article{DubeAndRotello2012,
  title={{Binary {ROCs} in perception and recognition memory are curved.}},
  author={Dube, Chad and Rotello, Caren M},
  journal={Journal of Experimental Psychology: Learning, Memory, and Cognition},
  volume={38},
  number={1},
  pages={130--151},
  year={2012},
  publisher={American Psychological Association}
}

@article{DubeEtAl2012,
  title={{Beyond ROC curvature: Strength effects and response time data support continuous-evidence models of recognition memory}},
  author={Dube, Chad and Starns, Jeffrey J and Rotello, Caren M and Ratcliff, Roger},
  journal={Journal of Memory and language},
  volume={67},
  number={3},
  pages={389--406},
  year={2012},
  publisher={Elsevier}
}

@article{BroderAndSchutz2009,
  title={Recognition {ROCs} are curvilinear—or are they? On premature arguments against the two-high-threshold model of recognition},
  author={Br{\"o}der, Arndt and Sch{\"u}tz, Julia},
  volume={35},
  number={3},
  pages={587--606},
  year={2009},
  publisher={American Psychological Association}
}

@article{BroderEtAl2013,
  title={Validating a two-high-threshold measurement model for confidence rating data in recognition},
  author={Br{\"o}der, Arndt and Kellen, David and Sch{\"u}tz, Julia and Rohrmeier, Constanze},
  journal={Memory},
  volume={21},
  number={8},
  pages={916--944},
  year={2013},
  publisher={Taylor \& Francis}
}

@article{MeiserAndBroder2002,
  title={Memory for multidimensional source information},
  author={Meiser, Thorsten and Br{\"o}der, Arndt},
  journal={Journal of Experimental Psychology: Learning, Memory, and Cognition},
  volume={28},
  number={1},
  pages={116--137},
  year={2002},
  publisher={American Psychological Association}
}

@article{ProvinceAndRouder2012,
  title={Evidence for discrete-state processing in recognition memory},
  author={Province, Jordan M and Rouder, Jeffrey N},
  journal={Proceedings of the National Academy of Sciences},
  volume={109},
  number={36},
  pages={14357--14362},
  year={2012},
  publisher={National Acad Sciences}
}

@article{ChenEtAl2015,
  title={A violation of the conditional independence assumption in the two-high-threshold model of recognition memory.},
  author={Chen, Tina and Starns, Jeffrey J and Rotello, Caren M},
  journal={Journal of Experimental Psychology: Learning, Memory, and Cognition},
  volume={41},
  number={4},
  pages={1215--1222},
  year={2015},
  publisher={American Psychological Association}
}

@article{PollackAndHsieh1969,
  title={{Sampling variability of the area under the ROC-curve and of $d'_{e}$.}},
  author={Pollack, Irwin and Hsieh, Robert},
  journal={Psychological Bulletin},
  volume={71},
  number={3},
  pages={161},
  year={1969},
  publisher={American Psychological Association}
}

@article{StanislawAndTodorov1999,
 author = {Stanislaw, H. and Todorov, N.},
 title = {Calculation of signal detection theory measures},
 journal = {Behavior Research Methods, Instruments, and Computers},
 volume = {31},
 number = {1},
 pages = {137--149},
 year = {1999}
}

@article{Bamber1979,
  title={State-trace analysis: A method of testing simple theories of causation},
  author={Bamber, Donald},
  journal={Journal of Mathematical Psychology},
  volume={19},
  number={2},
  pages={137--181},
  year={1979},
  publisher={Elsevier}
}

@article{PrinceEtAl2012,
  title={The design and analysis of state-trace experiments.},
  author={Prince, Melissa and Brown, Scott and Heathcote, Andrew},
  journal={Psychological Methods},
  volume={17},
  number={1},
  pages={78--99},
  year={2012},
  publisher={American Psychological Association}
}

@article{IsellaEtAl2015,
  title={Short term memory for single surface features and bindings in ageing: A replication study},
	author={Isella, Valeria and Molteni, Federica and Mapelli, Cristina and Ferrarese, Carlo},
	journal={Brain and Cognition},
	volume={96},
	pages={38--42},
	year={2015},
	publisher={Elsevier}
}

@article{RouderEtAl2008,
 author = {Rouder, J. N. and Morey, R. D. and Cowan, N. and Zwilling, C. E. and Morey, C. C. and Pratte, M. S.},
 title = {An assessment of fixed-capacity models of visual working memory},
 journal = {Proceedings of the National Academy of Sciences},
 volume = {105},
 number = {16},
 pages = {5975--5979},
 year = {2008}
}

@article{RouderEtAl2008rt,
 author = {Rouder, Jeffrey N and Tuerlinckx, Francis and Speckamn, Paul and Lu, Jun and Gomez, Pablo},
 title = {A hierarchical approach for fitting curves to response time measurements.},
 journal = {Psychonomic Bulletin \& Review},
 volume = {15},
 number = {6},
 pages = {1201--1208},
 year = {2008}
}

@article{ChapmanAndChapman1973,
  title={Problems in the measurement of cognitive deficits.},
  author={Chapman, Loren J and Chapman, Jean P},
  journal={Psychological Bulletin},
  volume={79},
  number={6},
  pages={380--385},
  year={1973},
  publisher={American Psychological Association}
}

@article{GreenAndMoses1966,
  title={On the equivalence of two recognition measures of short-term memory.},
  author={Green, David M and Moses, Franklin L},
  journal={Psychological Bulletin},
  volume={66},
  number={3},
  pages={228--234},
  year={1966},
  publisher={American Psychological Association}
}

@article{Bamber1975,
  title={The area above the ordinal dominance graph and the area below the receiver operating characteristic graph},
  author={Bamber, Donald},
  journal={Journal of Mathematical Psychology},
  volume={12},
  number={4},
  pages={387--415},
  year={1975},
  publisher={Elsevier}
}

@article{YonelinasAndParks2007,
  title={{Receiver operating characteristics (ROCs) in recognition memory: a review.}},
  author={Yonelinas, Andrew P and Parks, Colleen M},
  journal={Psychological Bulletin},
  volume={133},
  number={5},
  pages={800--832},
  year={2007},
  publisher={American Psychological Association}
}

@article{RhodesEtAl2018,
  title={Informed guessing in change detection},
  author={Rhodes, Stephen and Cowan, Nelson and Hardman, Kyle O and Logie, Robert H},
  year={2018},
  volume={44},
  number={7},
  journal={Journal of Experimental Psychology: Learning, Memory, and Cognition},
  pages = {1023--1035}
  }

@article{RhodesEtAl2016,
	author = {Rhodes, Stephen and Parra, Mario A. and Logie, Robert H.},
	title = {Ageing and feature binding in visual working memory: The role of presentation time.},
	journal = {The Quarterly Journal of Experimental Psychology},
  volume={69},
  number={4},
  pages={654--668},
	year = {2016},
	doi = {10.1080/17470218.2015.1038571},	
}

@article{RhodesEtAl2017,
  title={Healthy Aging and Visual Working Memory: The Effect of Mixing Feature and Conjunction Changes},
  author={Rhodes, Stephen and Parra, Mario A and  Cowan, Nelson and Logie, Robert H},
  year={2017},
  volume={32},
  number={4},
  pages={354--366},
  journal={Psychology \& Aging},
  doi={10.1037/pag0000152}
}

@article{DonkinEtAl2013,
	title={Discrete-slots models of visual working-memory response times.},
	author={Donkin, Christopher and Nosofsky, Robert M and Gold, Jason M and Shiffrin, Richard M},
	journal={Psychological Review},
	volume={120},
	number={4},
	pages={873--902},
	year={2013},
	publisher={American Psychological Association}
}

@article{Wixted2007,
  title={Dual-process theory and signal-detection theory of recognition memory.},
  author={Wixted, John T},
  journal={Psychological Review},
  volume={114},
  number={1},
  pages={152--176},
  year={2007},
  publisher={American Psychological Association}
}

@article{SimpsonAndFitter1973,
  title={What is the best index of detectability?},
  author={Simpson, Adrian J and Fitter, Mike J},
  journal={Psychological Bulletin},
  volume={80},
  number={6},
  pages={481--488},
  year={1973},
  publisher={American Psychological Association}
}

@article{KellenEtAl2016,
  title={The ignored alternative: An application of {Luce's} low-threshold model to recognition memory},
  author={Kellen, David and Erdfelder, Edgar and Malmberg, Kenneth J and Dub{\'e}, Chad and Criss, Amy H},
  journal={Journal of Mathematical Psychology},
  volume={75},
  pages={86--95},
  year={2016},
  publisher={Elsevier}
}

@article{StarnsAndMa2018,
  title={Guessing versus misremembering in recognition: A comparison of continuous, two-high-threshold, and low-threshold models.},
  author={Starns, Jeffrey J and Ma, Qiuli},
  journal={Journal of Experimental Psychology: Learning, Memory, and Cognition},
  volume={44},
  number={4},
  pages={527--539},
  year={2018},
  publisher={American Psychological Association}
}

@article{Ratcliff1978,
  title={A theory of memory retrieval.},
  author={Ratcliff, Roger},
  journal={Psychological Review},
  volume={85},
  number={2},
  pages={59--108},
  year={1978},
  publisher={American Psychological Association}
}

@article{BrownAndHeathcote2008,
  title={The simplest complete model of choice response time: Linear ballistic accumulation},
  author={Brown, Scott D and Heathcote, Andrew},
  journal={Cognitive Psychology},
  volume={57},
  number={3},
  pages={153--178},
  year={2008},
  publisher={Elsevier}
}

@article{RatcliffEtAl2016,
  title={Diffusion decision model: current issues and history},
  author={Ratcliff, Roger and Smith, Philip L and Brown, Scott D and McKoon, Gail},
  journal={Trends in Cognitive Sciences},
  volume={20},
  number={4},
  pages={260--281},
  year={2016},
  publisher={Elsevier}
}

@article{WagenmakersEtAl2007,
  title={An {EZ-diffusion} model for response time and accuracy},
  author={Wagenmakers, Eric-Jan and Van Der Maas, Han LJ and Grasman, Raoul PPP},
  journal={Psychonomic Bulletin \& Review},
  volume={14},
  number={1},
  pages={3--22},
  year={2007},
  publisher={Springer}
}

@article{vanRavenzwaaijEtAl2017,
  title={The {EZ} diffusion model provides a powerful test of simple empirical effects},
  author={van Ravenzwaaij, Don and Donkin, Chris and Vandekerckhove, Joachim},
  journal={Psychonomic Bulletin \& Review},
  volume={24},
  number={2},
  pages={547--556},
  year={2017},
  publisher={Springer}
}

@article{DonkinEtAl2011,
  title={Drawing conclusions from choice response time models: A tutorial using the linear ballistic accumulator},
  author={Donkin, Chris and Brown, Scott and Heathcote, Andrew},
  journal={Journal of Mathematical Psychology},
  volume={55},
  number={2},
  pages={140--151},
  year={2011},
  publisher={Elsevier}
}

@article{RouderEtAl2011,
 author = "Rouder, J. N. and Morey, R. D. and Morey, C. C. and Cowan, N.",
 title = "How to measure working memory capacity in the change detection paradigm",
 journal = "Psychonomic Bulletin and Review",
 volume = "18",
 pages = "324--330",
 year = 2011
}

@article{CowanEtAl2013,
 author = {Cowan, N. and Blume, C. L. and Saults, J. S.},
 title = {Attention to attributes and objects in working memory},
 journal = {Journal of Experimental Psychology: Learning, Memory, and Cognition},
 volume = {39},
 number = {3},
 pages = {731--747},
 year = {2013}
}

@article{DonaldsonAndGood1996,
  title={{$A'r$}: An estimate of area under isosensitivity curves},
  author={Donaldson, Wayne and Good, Colette},
  journal={Behavior Research Methods, Instruments, \& Computers},
  volume={28},
  number={4},
  pages={590--597},
  year={1996},
  publisher={Springer}
}

@article{SchadEtAlpreprint,
  title={Toward a principled {B}ayesian workflow in cognitive science.},
  author={Schad, Daniel J and Betancourt, Michael and Vasishth, Shravan},
  note = {Preprint},
  url = {https://arxiv.org/abs/1904.12765},
  year={2020}
}

@article{schad2021toward,
  title={Toward a principled Bayesian workflow in cognitive science.},
  author={Schad, Daniel J and Betancourt, Michael and Vasishth, Shravan},
  journal={Psychological methods},
  volumne={26},
  issue={1},
  pages={103--126},
  year={2021},
  publisher={American Psychological Association}
}

@book{GelmanEtAl2014,
  title={Bayesian data analysis},
  author={Gelman, Andrew and Carlin, John B and Stern, Hal S and Dunson, David B and Vehtari, Aki and Rubin, Donald B},
  volume={3},
  year={2014},
  publisher={Chapman \& Hall/CRC Boca Raton, FL, USA}
}

@article{VehtariEtAl2017,
  title={{Practical Bayesian model evaluation using leave-one-out cross-validation and WAIC}},
  author={Vehtari, Aki and Gelman, Andrew and Gabry, Jonah},
  journal={Statistics and Computing},
  volume={27},
  number={5},
  pages={1413--1432},
  year={2017},
  publisher={Springer}
}

@Manual{bridgesampling,
  title = {bridgesampling: Bridge Sampling for Marginal Likelihoods and Bayes Factors},
  author = {Quentin F Gronau and Henrik Singmann},
  year = {2017},
  note = {R package version 0.4-0},
  url = {https://CRAN.R-project.org/package=bridgesampling},
}

@article{HoekstraEtAl2014,
  title={Robust misinterpretation of confidence intervals},
  author={Hoekstra, Rink and Morey, Richard D and Rouder, Jeffrey N and Wagenmakers, Eric-Jan},
  journal={Psychonomic Bulletin \& Review},
  volume={21},
  number={5},
  pages={1157--1164},
  year={2014},
  publisher={Springer}
}

@book{Kruschke2015,
	title={Doing {B}ayesian data analysis: A tutorial with {R}, {JAGS}, and {S}tan},
	author={Kruschke, J. K.},
	year={2015},
	publisher={Academic Press}
}

@book{McElreath2016,
	title={Statistical rethinking: A Bayesian course with examples in {R} and {S}tan},
	author={McElreath, R.},
	year={2016},
	publisher={Taylor \& Francis}
}

@article{carpenter2017stan,
  title={Stan: A probabilistic programming language},
  author={Carpenter, Bob and Gelman, Andrew and Hoffman, Matthew D and Lee, Daniel and Goodrich, Ben and Betancourt, Michael and Brubaker, Marcus and Guo, Jiqiang and Li, Peter and Riddell, Allen},
  journal={Journal of statistical software},
  volume={76},
  number={1},
  year={2017},
  publisher={Columbia Univ., New York, NY (United States); Harvard Univ., Cambridge, MA~…}
}

@article{Denwood2016runjags,
  title={runjags: An {R} package providing interface utilities, model templates, parallel computing methods and additional distributions for MCMC models in {JAGS}},
  author={Denwood, Matthew J},
  journal={Journal of statistical software},
  volume={71},
  number={9},
  year={2016},
  publisher={Columbia Univ., New York, NY (United States); Harvard Univ., Cambridge, MA~…}
}

@Misc{rstan,
  title = {{RStan}: the {R} interface to {Stan}},
  author = {{Stan Development Team}},
  note = {R package version 2.18.2},
  year = {2018},
  url = {http://mc-stan.org/},
}

@Manual{Plummer2003,
  title = {{JAGS}: a program for analysis of Bayesian graphical models using Gibbs sampling.},
  author = {{Plummer, M}},
  address = {Vienna, Austria},
  year = {2003},
  url = {https://www.r-project.org/conferences/DSC-2003/Drafts/Plummer.pdf},
}

@Manual{rteam,
  title = {R: A Language and Environment for Statistical Computing},
  author = {{R Core Team}},
  organization = {R Foundation for Statistical Computing},
  address = {Vienna, Austria},
  year = {2018},
  url = {https://www.R-project.org/},
}

@book{GelmanAndHill2007,
	title={Data analysis using regression and hierarchical/multilevel models},
	author={Gelman, Andrew and Hill, Jennifer},
	year={2007},
	publisher={Cambridge University Press},
	address={Cambridge, UK}
}

@Manual{R-base,
  title = {R: A Language and Environment for Statistical Computing},
  author = {{R Core Team}},
  organization = {R Foundation for Statistical Computing},
  address = {Vienna, Austria},
  year = {2020},
  url = {https://www.R-project.org/},
}

@Manual{R-papaja,
  author = {Frederik Aust and Marius Barth},
  title = {{papaja}: {Create} {APA} manuscripts with {R Markdown}},
  year = {2020},
  note = {R package version 0.1.0.9942},
  url = {https://github.com/crsh/papaja},
}

@article{gronau2017tutorial,
  title={A tutorial on bridge sampling},
  author={Gronau, Quentin F and Sarafoglou, Alexandra and Matzke, Dora and Ly, Alexander and Boehm, Udo and Marsman, Maarten and Leslie, David S and Forster, Jonathan J and Wagenmakers, Eric-Jan and Steingroever, Helen},
  journal={Journal of mathematical psychology},
  volume={81},
  pages={80--97},
  year={2017},
  publisher={Elsevier}
}

@article{lindley1957statistical,
  title={A statistical paradox},
  author={Lindley, Dennis V},
  journal={Biometrika},
  volume={44},
  number={1/2},
  pages={187--192},
  year={1957},
  publisher={JSTOR}
}

@article{watanabe2013widely,
  title={A widely applicable Bayesian information criterion},
  author={Watanabe, Sumio},
  journal={Journal of Machine Learning Research},
  volume={14},
  number={Mar},
  pages={867--897},
  year={2013}
}

@Misc{loo,
  title = {loo: Efficient leave-one-out cross-validation and WAIC for Bayesian models},
  author = {Aki Vehtari and Jonah Gabry and Yuling Yao and Andrew Gelman},
  year = {2019},
  note = {R package version 2.1.0},
  url = {https://CRAN.R-project.org/package=loo},
}

@article{morey2008problematic,
  title={Problematic effects of aggregation in z ROC analysis and a hierarchical modeling solution},
  author={Morey, Richard D and Pratte, Michael S and Rouder, Jeffrey N},
  journal={Journal of Mathematical Psychology},
  volume={52},
  number={6},
  pages={376--388},
  year={2008},
  publisher={Elsevier}
}

@article{rouder2005introduction,
  title={An introduction to Bayesian hierarchical models with an application in the theory of signal detection},
  author={Rouder, Jeffrey N and Lu, Jun},
  journal={Psychonomic bulletin \& review},
  volume={12},
  number={4},
  pages={573--604},
  year={2005},
  publisher={Springer}
}

@article{clark1973language,
  title={The language-as-fixed-effect fallacy: A critique of language statistics in psychological research},
  author={Clark, Herbert H},
  journal={Journal of verbal learning and verbal behavior},
  volume={12},
  number={4},
  pages={335--359},
  year={1973},
  publisher={Elsevier}
}

@article{FarrellAndLudwig2008,
  title={Bayesian and maximum likelihood estimation of hierarchical response time models.},
  author={Farrell, Simon and Ludwig, Casimir J H},
  journal={Psychonomic Bulletin \& Review},
  volume={15},
  number={6},
  pages={1209--1217},
  year={2008},
  publisher={Springer}
}

@article{ShiffrinAndSteyvers1997,
  title={Model for recognition memory: {REM}---retrieving effective from memory},
  author={Shiffrin, Richard M and Steyvers, Mark},
  journal={Psychonomic Bulletin \& Review},
  volume={4},
  number={},
  pages={145--166},
  year={1997},
  publisher={Springer}
}

@article{RaaijmakersAndShiffrin1981,
  title={Search of associative memory.},
  author={Raaijmakers, Jeroen G and Shiffrin, Richard M},
  journal={Psychological Review},
  volume={88},
  number={2},
  pages={93--134},
  year={1981},
  publisher={American Psychological Association}
}


@article{erdfelder2009multinomial,
  title={Multinomial processing tree models: A review of the literature},
  author={Erdfelder, Edgar and Auer, Tina-Sarah and Hilbig, Benjamin E and A{\ss}falg, Andr{\'e} and Moshagen, Morten and Nadarevic, Lena},
  journal={Zeitschrift f{\"u}r Psychologie/Journal of Psychology},
  volume={217},
  number={3},
  pages={108--124},
  year={2009},
  publisher={Hogrefe Publishing}
}

@article{rhodes2019interaction,
  title={Interaction effects on common measures of sensitivity: Choice of measure, type i error, and power},
  author={Rhodes, Stephen and Cowan, Nelson and Parra, Mario A and Logie, Robert H},
  journal={Behavior Research Methods},
  volume={51},
  number={5},
  pages={2209--2227},
  year={2019},
  publisher={Springer}
}

@incollection{Salthouse2000,
   author={Salthouse, Timothy A},
   title={Methodological assumptions in cognitive aging research.},
   booktitle={The handbook of cognitive aging},
   publisher={Erlbaum},
   year={2000},
   editor={Craik, Fergus I M and Salthouse, Timothy A},
   pages={467-498},
   address={Mahwah,NJ},
   edition={2}}
   
@article{Pashler1988,
  title={Familiarity and visual change detection.},
  author={Pashler, Harold},
  journal={Perception \& Psychophysics},
  volume={44},
  number={},
  pages={369--378},
  year={1988},
  publisher={Springer}
}

@article{Cowan2001,
  title={The magical number 4 in short-term memory: A recosnideration of mental storage capacity.},
  author={Cowan, Nelson},
  journal={Behavioral and Brain Sciences},
  volume={24},
  number={1},
  pages={87--114},
  year={2001},
  publisher={Cambridge Core}
}

@article{GreeneEtAl2020,
  title={Adult age differences in working memory capacity: Spared central storage but deficits in ability to maximize peripheral storage.},
  author={Greene, Nathaniel R and Naveh-Benjamin, Moshe and Cowan, Nelson},
  journal={Psychology and Aging},
  volume={35},
  number={6},
  pages={866--880},
  year={2020},
  publisher={American Psychological Association}
}

@article{BoywittEtAl2012,
  title={The role of source memory in older adults' recollective experience.},
  author={Boywitt, C Dennis and Kuhlmann, Beatrice G and Meiser, Thorsten},
  journal={Psychology and Aging},
  volume={35},
  number={6},
  pages={866--880},
  year={2012},
  publisher={American Psychological Association}
}

@article{LoitileAndCourtney2015,
  title={A signal detection theory analysis of behavioral pattern separation paradigms.},
  author={Loitile, Rita E and Courtney, Susan M},
  journal={Learning \& Memory},
  volume={22},
  number={8},
  pages={364--369},
  year={2015},
  publisher={Cold Spring Harbor}
}

@article{StarkEtAl2013,
  title={A task to assess behavioral pattern separation ({BPS}) in humans: Data from healthy aging and mild cognitive impairment.},
  author={Stark, Shauna M and Yassa, Michael A and Lacy, Joyce W, and Stark, Craig E L},
  journal={Neuropsychologia},
  volume={51},
  number={12},
  pages={2442-2449},
  year={2013},
  publisher={Elsevier}
}

@article{ReaghAndYassa2014,
  title={Repetition strengthens target recognition but impairs similar lure discrimination: Evidence for trace competition},
  author={Reagh, Zachariah M and Yassa, Michael A},
  journal={Learning \& Memory},
  volume={21},
  number={7},
  pages={342--346},
  year={2014},
  publisher={Cold Spring Harbor}
}

@article{MoreyEtAl2016,
  title={The philosophy of {B}ayes factors and the quantification of statistical evidence.},
  author={Morey, Richard D and Romeijn, Jan-Willem and Rouder, Jeffrey N},
  journal={Journal of Mathematical Psychology},
  volume={72},
  pages={6--18},
  year={2016},
  publisher={Elsevier}
}

@article{WagenmakersEtAl2016,
  title={Bayesian benefits for the pragmatic researcher.},
  author={Wagenmakers, Eric-Jan and Morey, Richard D and Lee, Michael D},
  journal={Current Directions in Psychological Science},
  volume={25},
  number={3},
  pages={169--176},
  year={2016},
  publisher={Sage}
}

@book{lee2014bayesian,
  title={Bayesian cognitive modeling: A practical course},
  author={Lee, Michael D and Wagenmakers, Eric-Jan},
  year={2014},
  publisher={Cambridge university press}
}

@Article{brms,
  title = {{brms}: An {R} Package for {Bayesian} Multilevel Models Using {Stan}},
  author = {Paul-Christian Bürkner},
  journal = {Journal of Statistical Software},
  year = {2017},
  volume = {80},
  number = {1},
  pages = {1--28},
  doi = {10.18637/jss.v080.i01},
  encoding = {UTF-8},
}

@article{lewandowski2009generating,
  title={Generating random correlation matrices based on vines and extended onion method},
  author={Lewandowski, Daniel and Kurowicka, Dorota and Joe, Harry},
  journal={Journal of multivariate analysis},
  volume={100},
  number={9},
  pages={1989--2001},
  year={2009},
  publisher={Elsevier}
}

@Manual{bayesplot,
  title = {bayesplot: Plotting for Bayesian Models},
  author = {Jonah Gabry and Tristan Mahr},
  year = {2018},
  note = {R package version 1.5.0},
  url = {https://CRAN.R-project.org/package=bayesplot},
}

@article{shammi1998aging,
  title={Aging and variability in performance},
  author={Shammi, Prathiba and Bosman, Elizabeth and Stuss, Donald T},
  journal={Aging, Neuropsychology, and Cognition},
  volume={5},
  number={1},
  pages={1--13},
  year={1998},
  publisher={Taylor \& Francis}
}

@article{archambeau2020proactive,
  title={Proactive interference in aging: A model-based study},
  author={Archambeau, Kim and Forstmann, Birte and Van Maanen, Leendert and Gevers, Wim},
  journal={Psychonomic bulletin \& review},
  volume={27},
  number={1},
  pages={130--138},
  year={2020},
  publisher={Springer}
}

@article{lee2011cognitive,
  title={How cognitive modeling can benefit from hierarchical Bayesian models},
  author={Lee, Michael D},
  journal={Journal of Mathematical Psychology},
  volume={55},
  number={1},
  pages={1--7},
  year={2011},
  publisher={Elsevier}
}

@article{estes1956problem,
  title={The problem of inference from curves based on group data.},
  author={Estes, William K},
  journal={Psychological bulletin},
  volume={53},
  number={2},
  pages={134},
  year={1956},
  publisher={American Psychological Association}
}

@article{heathcote2000power,
  title={The power law repealed: The case for an exponential law of practice},
  author={Heathcote, Andrew and Brown, Scott and Mewhort, Douglas JK},
  journal={Psychonomic bulletin \& review},
  volume={7},
  number={2},
  pages={185--207},
  year={2000},
  publisher={Springer}
}

@article{pratte2012assessing,
  title={Assessing the dissociability of recollection and familiarity in recognition memory.},
  author={Pratte, Michael S and Rouder, Jeffrey N},
  journal={Journal of Experimental Psychology: Learning, Memory, and Cognition},
  volume={38},
  number={6},
  pages={1591},
  year={2012},
  publisher={American Psychological Association}
}

@article{bayen1996source,
  title={Source discrimination, item detection, and multinomial models of source monitoring.},
  author={Bayen, Ute J and Murnane, Kevin and Erdfelder, Edgar},
  journal={Journal of Experimental Psychology: Learning, Memory, and Cognition},
  volume={22},
  number={1},
  pages={197},
  year={1996},
  publisher={American Psychological Association}
}

@article{yonelinas1994receiver,
  title={Receiver-operating characteristics in recognition memory: evidence for a dual-process model.},
  author={Yonelinas, Andrew P},
  journal={Journal of Experimental Psychology: Learning, Memory, and Cognition},
  volume={20},
  number={6},
  pages={1341},
  year={1994},
  publisher={American Psychological Association}
}

@article{zhang2008discrete,
  title={Discrete fixed-resolution representations in visual working memory},
  author={Zhang, Weiwei and Luck, Steven J},
  journal={Nature},
  volume={453},
  number={7192},
  pages={233--235},
  year={2008},
  publisher={Nature Publishing Group}
}

@article{bays2009precision,
  title={The precision of visual working memory is set by allocation of a shared resource},
  author={Bays, Paul M and Catalao, Raquel FG and Husain, Masud},
  journal={Journal of vision},
  volume={9},
  number={10},
  pages={7--7},
  year={2009},
  publisher={The Association for Research in Vision and Ophthalmology}
}

@article{rhodes2020age,
  title={Age differences in the precision of memory at short and long delays.},
  author={Rhodes, Stephen and Abbene, Emily E and Meierhofer, Ashley M and Naveh-Benjamin, Moshe},
  journal={Psychology and Aging},
  volume={35},
  number={8},
  pages={1073},
  year={2020},
  publisher={American Psychological Association}
}

@article{souza2016no,
  title={No age deficits in the ability to use attention to improve visual working memory.},
  author={Souza, Alessandra S},
  journal={Psychology and Aging},
  volume={31},
  number={5},
  pages={456},
  year={2016},
  publisher={American Psychological Association}
}

@article{van2012variability,
  title={Variability in encoding precision accounts for visual short-term memory limitations},
  author={Van den Berg, Ronald and Shin, Hongsup and Chou, Wen-Chuang and George, Ryan and Ma, Wei Ji},
  journal={Proceedings of the National Academy of Sciences},
  volume={109},
  number={22},
  pages={8780--8785},
  year={2012},
  publisher={National Acad Sciences}
}

@article{oberauer2017interference,
  title={An interference model of visual working memory.},
  author={Oberauer, Klaus and Lin, Hsuan-Yu},
  journal={Psychological review},
  volume={124},
  number={1},
  pages={21},
  year={2017},
  publisher={American Psychological Association}
}

@article{wagenmakers2007ez,
  title={An EZ-diffusion model for response time and accuracy},
  author={Wagenmakers, Eric-Jan and Van Der Maas, Han LJ and Grasman, Raoul PPP},
  journal={Psychonomic bulletin \& review},
  volume={14},
  number={1},
  pages={3--22},
  year={2007},
  publisher={Springer}
}

@article{ratcliff2008diffusion,
  title={The diffusion decision model: theory and data for two-choice decision tasks},
  author={Ratcliff, Roger and McKoon, Gail},
  journal={Neural computation},
  volume={20},
  number={4},
  pages={873--922},
  year={2008},
  publisher={MIT Press}
}
